
@book{González,
 author = {R. C. González},
 title = {Digital Image Processing},
 year = {2007},
 isbn = {0-13-168728-X},
 publisher = {Prentice Hall},
}

@INPROCEEDINGS{KDCNRF_Huang_ICASSP13,
author={P.-S. Huang and L. Deng and M. Hasegawa-Johnson and X. He},
booktitle={IEEE International Conference on Acoustics, Speech and Signal Processing (ICASSP)},
title={RANDOM FEATURES FOR KERNEL DEEP CONVEX NETWORK},
year={2013},
month={May},
}


@INPROCEEDINGS{MaximumEntropyConfidence_White_ICASSP07,
author={C. White and J.  Droppo and A. Acero and J. Odell},
booktitle={IEEE International Conference on Acoustics, Speech and Signal Processing (ICASSP)},
title={Maximum Entropy Confidence Estimation for Speech Recognition},
year={2007},
month={April},
volume={4},
number={},
pages={809-812},
}

@ARTICLE{CalibrationConfidenceMeasures_Dong_T-ASLP11,
author={D. Yu and J. Li and L. Deng},
journal={IEEE Transactions on Audio, Speech, and Language Processing},
title={Calibration of Confidence Measures in Speech Recognition},
year={2011},
month={Nov.},
volume={19},
number={8},
pages={2461-2473},
}


@INPROCEEDINGS{Pooling_Huang_Interspeech12,
author={P.-S. Huang and J. Yang and M. Hasegawa-Johnson and F. Liang and T. S Huang},
booktitle={Interspeech},
title={Pooling Robust Shift-Invariant Sparse Representations of Acoustic Signals},
year={2012},
}



@book{Bishop,
 author = {C. M. Bishop},
 title = {Pattern Recognition and Machine Learning (Information Science and Statistics)},
 year = {2006},
 isbn = {0387310738},
 publisher = {Springer-Verlag New York, Inc.},
}


@article{Nystrom_JMLR05,
 author = {P. Drineas and M. W. Mahoney},
 title = {On the {N}ystr\"{o}m Method for Approximating a Gram Matrix for Improved Kernel-Based Learning},
 journal = {Journal of Machine Learning Research},
 volume = {6},
 month = Dec,
 year = {2005},
 issn = {1532-4435},
 pages = {2153-2175},
 numpages = {23},
}

@inproceedings{Nystrom_AISTATS10,
title = {On the Impact of Kernel Approximation on Learning Accuracy},
author  = {C. Cortes and M. Mohri and A. Talwalkar},
year  = 2010,
booktitle = {International Conference on  Artificial Intelligence and Statistics (AISTATS)}
}


@INPROCEEDINGS{EnsembleNystrom_NIPS09,
 author = {S. Kumar and M. Mohri and A. Talwalkar},
 title = {Ensemble {N}ystr\"{o}m Method},
 booktitle = {Advances in Neural Infomration Processing Systems (NIPS)},
 year = {2009},
}


@INPROCEEDINGS{KDSN_Li_SLT2012,
author={L. Deng and G. Tur and X. He and D. Hakkani-Tur},
booktitle={IEEE Workshop on Spoken Language Technology},
title={USE OF KERNEL DEEP CONVEX NETWORKS AND END-TO-END LEARNING FOR SPOKEN LANGUAGE UNDERSTANDING},
year={2012},
}



@INPROCEEDINGS{DCN_Interspeech11,
author={L. Deng and D. Yu},
booktitle={Interspeech},
title={Deep Convex Network: A Scalable Architecture for Speech Pattern Classification},
year={2011},
}


@INPROCEEDINGS{DCN_ICASSP12,
author={L. Deng and D. Yu and J. Platt},
booktitle={Intenational Conference on Acoustics, Speech, and Signal Processing},
title={Scalable stacking and learning for building deep architectures},
year={2012},
}


@article{DNN_SPMagazine12,
title = {Deep Neural Networks for Acoustic Modeling in Speech Recognition},
author  = {G. Hinton and L. Deng and D. Yu and G. Dahl and A. Mohamed and N. Jaitly and A. Senior and V. Vanhoucke and P. Nguyen and T. Sainath and B. Kingsbury},
year  = 2012,
month={Nov.},
volume={29},
pages={82-97},
journal = {IEEE Signal Processing Magazine}
}

@ARTICLE{CDDNN_TASLP12,
author={G.E. Dahl and D. Yu and L. Deng and A. Acero},
journal={IEEE Transactions on Audio, Speech, and Language Processing, },
title={Context-Dependent Pre-Trained Deep Neural Networks for Large-Vocabulary Speech Recognition},
year={2012},
month={Jan.},
volume={20},
number={1},
pages={30-42},
}



@INPROCEEDINGS{Cho_kernelmethods_NIPS09,
author={Y. Cho and L. K. Saul},
booktitle={Advances in Neural Infomration Processing Systems (NIPS)},
title={Kernel Methods for Deep Learning},
year={2009},
}


@Article{DNN_Hinton_Science06,
  author ="G. Hinton and R. Salakhutdinov",
  title =	"Reducing the Dimensionality of Data with Neural Networks",
  journal =	"Science",
  volume =	"313",
  number =      "5786",
  pages =       "504 - 507",
  year = 	"2006",
}

@article{CMsurvey_Jiang_SpeechCommunication06,
title = "Confidence measures for speech recognition: A survey",
journal = "Speech Communication",
volume = "45",
number = "4",
pages = "455 - 470",
year = "2005",
author = "H. Jiang",
}


@INPROCEEDINGS{WordLattice_Kemp_Eurospeech97,
    author = {T. Kemp and T. Schaaf},
    title = {Estimating Confidence Using Word Lattices},
    booktitle = {Proc. of EuroSpeech},
    year = {1997},
    pages = {827-830}
}

@INPROCEEDINGS{NBest_Wessel_Eurospeech99,
    author = {F. Wessel and K. Macherey and H. Ney},
    title = {A Comparison Of Word Graph And N-Best List Based Confidence Measures},
    booktitle = {Proc. of EuroSpeech},
    year = {1999},
    pages = {315-318}
}



@INPROCEEDINGS{Posen1,
  author = {Huang, P.-S., and Kumar, K. and Liu, C. and Gong, Y. and Deng, L.},
  title = {PREDICTING SPEECH RECOGNITION CONFIDENCE USING DEEP LEARNING WITH WORD IDENTITY AND SCORE FEATURES},
  booktitle = {Proc. of IEEE International Conference on Acoustics, Speech and Signal Processing},
  year = {2013},
  pages = {7413-7417}
}


@Article{Gammal,
  author =       "J. S. Gammal and R. A. Goubran",
  title = "Combating Reverberation in Speaker Verification",
  journal = "Instrumentation and Measurement Technology Conference",
  year = "2005"
}
@Article{Yoho,
  author =       "J.P. Campbell and D.A. Reynolds",
  title = "Corpora for the Evaluation of Speaker Recognition Systems",
  journal = "IEEE International Conference on Acoustics, Speech and Signal Processing",
  year = "1999"
}

@Article{McGovern,
  author =    "S. G. McGovern",
  title =    "A Model for Room Acoustics",
  note = "\url{http://2pi.us/rir.html}"
}

@Article{Campbell,
  author =       "J. P. Campbell",
  title = "Speaker recognition: A tutorial",
  journal = "Proceedings of the IEEE",
  year = "1997",
  volume = "85",
  pages = "1437-1462",
  month = "september"
}
@Article{ibm,
author = "B. Xiang and U. V. Chaudhari and J. Navratil and G. Ramaswamy and R. A. Gopinath",
title = "Short-time gaussianization for robust speaker verification",
journal = "IEEE International Conference on Acoustics, Speech and Signal Processing",
year = "2002",
pages = "681-684"
}
@manual{Sphinx,
  note =       "CMU Sphinx Open Source Speech Recognition Engines, \url{http://cmusphinx.sourceforge.net/html/cmusphinx.php}"
}
@manual{RWCP,
  note =       "RWCP Sound Scene Database in Real Acoustical Environments, \url{http://tosa.mri.co.jp/sounddb/indexe.htm}"
}
@Article{Qin,
  author =       "Q. Jin and K. Kumar and R. M. Stern and T. Schultz",
    title =        "Speaker identification of simulated far-field speech",
  journal =      "IEEE International Conference on Acoustics, Speech and Signal Processing",
  year =     "2008",
  note = "Submitted"
}

@Article{Roomsim,
  author =       "D. Campbell and K. Palomaki and G. Brown",
  title = "A MATLAB Simulation of Shoebox Room Acoustics for use in Research and Teaching",
  note = "\url{http://cis.paisley.ac.uk/research/journal/V9/V9N3/campbell.doc}"
}

@Article{Reynolds,
author =  "D. Reynolds",
title = "Speaker Identification and Verification Using Gaussian Mixture Speaker Models",
journal =  "Speech Communication",
volume = "17",
pages = "91-108",
month =  "August",
year = "1995"
}

@Article{Kumar08,
author =  "K. Kumar and R. M. Sterm",
title = "Environment-Invariant Compensation for Reverberation using Linear Post-Filtering for Minimum Distortion",
journal =  "Proc. of IEEE International Conference on Acoustics, Speech and Signal Processing",
year = "2008"
}

@Article{Qin_T,
author = "Q. Jin and T. Schultz and A. Waibel",
title = "Far-field Speaker Recognition",
journal =  "IEEE Transactions on Audio, Speech, and Language Processing",
volume =  "15, No.7",
pages =  "2023-2032",
year =   "2007"
}
@phdthesis{Seltzer,
author = "M. L. Seltzer",
title = "Microphone Array Processing for Robust Speech Recognition",
year = "2003",
school = "Department of Electrical and Computer Engineering, Carnegie Mellon University"
}

@Article{HaebUmbach09,
author =  "A. Krueger and R. Haeb-Umbach",
title = "Model based feature enhancement for automatic speech recognition in
reverberant environments",
journal =  "Proc. InterSpeech",
pages =  "1231-1234",
year = "2009"
}

@Article{Sehr07,
author =  "A. Sehr and W. Kellermann",
title = "A new concept for feature-domain
dereverberation for robust distant-talking asr",
journal =  "Proc. of IEEE International Conference on Acoustics, Speech and Signal Processing",
pages =  "IV-369-IV-372",
year = "2007"
}

@Article{Kameoka_NTT09,
author =  "H. Kameoka and T. Nakatani and T. Yoshioka",
title = "Robust Speech Dereverberation Based On Non-negativity And Sparse Nature Of Speech Spectrograms",
journal =  "Proc. of IEEE International Conference on Acoustics, Speech and Signal Processing",
pages =  "45-48",
year = "2009"
}

@phdthesis{Habets,
author = "E. Habets",
title = "Single- and multi-microphone speech dereverberation
using spectral enhancement",
year = "2007",
school = "TU Eindhoven"
}

@BOOK{Mendel,
  AUTHOR =       {Jerry M. Mendel},
  TITLE =        {Maximum-Likelihood Deconvolution: A Journey into Model-Based Signal Processing},
  PUBLISHER =    {Sprinter-Verlag},
  YEAR =         {1990},
}

@Article{LTLSS,
author =  "D. Gelbart and N. Morgan",
title = "Double the trouble: handling noise and reverberation in far-field automatic speech recognition",
journal =  "Proc. ICSLP",
pages =  "2185-2188",
year = "2002"
}

@Article{Stern97,
author =  "R. M. Stern and B. Raj and P. J. Moreno",
title = "Compensation for environmental degradation in automatic speech recognition",
journal =  "Proc. of the ESCA Workshop on Robust Speech Recognition for
Unknown Communication Channels",
year = "1997"
}

@Article{VTS,
author =  "P. J. Moreno and B. Raj and R. M. Stern",
title = "A vector Taylor series approach for environment-independent speech recognition",
journal =  "Proc. of IEEE International Conference on Acoustics, Speech and Signal Processing",
year = "1996"
}

@inproceedings{MikolovKBCK10,
  author    = {Tomas Mikolov and
               Martin Karafi{\'a}t and
               Lukas Burget and
               Jan Cernock{\'y} and
               Sanjeev Khudanpur},
  title     = {Recurrent neural network based language model},
  booktitle = {INTERSPEECH},
  year      = {2010},
  pages     = {1045-1048},
  crossref  = {DBLP:conf/interspeech/2010},
  bibsource = {DBLP, http://dblp.uni-trier.de}
}
@ARTICLE{Elman90findingstructure,
    author = {Jeffrey L. Elman},
    title = {Finding structure in time},
    journal = {COGNITIVE SCIENCE},
    year = {1990},
    volume = {14},
    number = {2},
    pages = {179--211}
}
@inproceedings{YaoZHSY13,
  added-at = {2014-01-27T00:00:00.000+0100},
  author = {Yao, Kaisheng and Zweig, Geoffrey and Hwang, Mei-Yuh and Shi, Yangyang and Yu, Dong},
  biburl = {http://www.bibsonomy.org/bibtex/29eade62ad454cdc7082afd3a220d93c2/dblp},
  booktitle = {INTERSPEECH},
  crossref = {conf/interspeech/2013},
  editor = {Bimbot, Frédéric and Cerisara, Christophe and Fougeron, Cécile and Gravier, Guillaume and Lamel, Lori and Pellegrino, François and Perrier, Pascal},
  ee = {http://www.isca-speech.org/archive/interspeech_2013/i13_2524.html},
  interhash = {f9e61501ab498af13d54ac716534491e},
  intrahash = {9eade62ad454cdc7082afd3a220d93c2},
  keywords = {dblp},
  pages = {2524-2528},
  publisher = {ISCA},
  timestamp = {2014-01-27T00:00:00.000+0100},
  title = {Recurrent neural networks for language understanding.},
  year = 2013
}
@INPROCEEDINGS{Stolcke00thesri,
    author = {A. Stolcke and H. Bratt and J. Butzberger and H. Franco and V. R. Rao Gadde and M. Plauché and C. Richey and E. Shriberg and K. Sönmez and F. Weng and J. Zheng},
    title = {The {SRI} {M}arch 2000 {H}ub-5 conversational speech transcription system},
    booktitle = {In Proceedings of the NIST Speech Transcription Workshop},
    year = {2000}
}
@inproceedings{HuangKLGD13,
  added-at = {2013-11-02T00:00:00.000+0100},
  author = {Huang, Po-Sen and Kumar, Kshitiz and Liu, Chaojun and Gong, Yifan and Deng, Li},
  biburl = {http://www.bibsonomy.org/bibtex/22ff0d412ca03f04db5b22d5019ac8060/dblp},
  booktitle = {IEEE International Conference on Acoustics, Speech and Signal Processing},
  crossref = {conf/icassp/2013},
  ee = {http://dx.doi.org/10.1109/ICASSP.2013.6639103},
  interhash = {2ce3f440f7fcf8e97ac7657855c13255},
  intrahash = {2ff0d412ca03f04db5b22d5019ac8060},
  keywords = {dblp},
  pages = {7413-7417},
  publisher = {IEEE},
  timestamp = {2013-11-02T00:00:00.000+0100},
  title = {Predicting speech recognition confidence using deep learning with word identity and score features.},
  year = 2013
}
@article{jiang2005confidence,
  added-at = {2012-11-21T20:54:11.000+0100},
  author = {Jiang, H.},
  biburl = {http://www.bibsonomy.org/bibtex/2277bb1b2baa738495363a19f059e7b17/bovansnow},
  interhash = {e31659f782b490191fb5abe0d8a715b3},
  intrahash = {277bb1b2baa738495363a19f059e7b17},
  journal = {Speech communication},
  keywords = {confidence measures recognition speech},
  number = 4,
  pages = {455--470},
  publisher = {Elsevier},
  timestamp = {2012-11-21T20:54:11.000+0100},
  title = {Confidence measures for speech recognition: A survey},
  volume = 45,
  year = 2005
}
@INPROCEEDINGS{Kemp97estimatingconfidence,
    author = {Thomas Kemp and Thomas Schaaf},
    title = {Estimating Confidence Using Word Lattices},
    booktitle = {Proc. of EuroSpeech},
    year = {1997},
    pages = {827--830}
}
@INPROCEEDINGS{Wessel98schluter,
    author = {F. Wessel and K. Macherey and R. Schlüter},
    title = {Using Word Probabilities as Confidence Measures},
    booktitle = {Proc. of IEEE International Conference on Acoustics, Speech and Signal Processing},
    year = {1998},
    pages = {225--228}
}
@INPROCEEDINGS{Wessel99acomparison,
    author = {F. Wessel and K. Macherey and H. Ney},
    title = {A Comparison Of Word Graph And N-Best List Based Confidence Measures},
    booktitle = {Proc. of EuroSpeech},
    year = {1999},
    pages = {315--318}
}
@ARTICLE{Wessel01ney,
    author = {F. Wessel and R. Schlüter and K. Macherey and H. Ney},
    title = {Confidence Measures for Large Vocabulary Continuous Speech Recognition},
    journal = {IEEE Trans. on Speech and Audio Processing},
    year = {2001},
    pages = {288--298}
}
@inproceedings{Rueber97,
  added-at = {2011-03-27T00:00:00.000+0100},
  author = {Rueber, Bernhard},
  biburl = {http://www.bibsonomy.org/bibtex/2f88ba42caa1af6db61e13979f5ddbe22/dblp},
  booktitle = {EuroSpeech},
  crossref = {conf/interspeech/1997},
  editor = {Kokkinakis, George and Fakotakis, Nikos and Dermatas, Evangelos},
  ee = {http://www.isca-speech.org/archive/eurospeech_1997/e97_0739.html},
  interhash = {6245ec2098288b5a80a6004f2dc75ab6},
  intrahash = {f88ba42caa1af6db61e13979f5ddbe22},
  keywords = {dblp},
  publisher = {ISCA},
  timestamp = {2011-03-27T00:00:00.000+0100},
  title = {Obtaining confidence measures from sentence probabilities.},
  year = 1997
}
@article{SukkarL96,
  added-at = {2012-05-17T00:00:00.000+0200},
  author = {Sukkar, Rafid A. and Lee, Chin-Hui},
  biburl = {http://www.bibsonomy.org/bibtex/26cf68f36257ad160403870ea32123957/dblp},
  ee = {http://dx.doi.org/10.1109/89.544527},
  interhash = {94ba713c7d91e4b357e0105998241d8d},
  intrahash = {6cf68f36257ad160403870ea32123957},
  journal = {IEEE Transactions on Speech and Audio Processing},
  keywords = {dblp},
  number = 6,
  pages = {420-429},
  timestamp = {2012-05-17T00:00:00.000+0200},
  title = {Vocabulary independent discriminative utterance verification for nonkeyword rejection in subword based speech recognition.},
  volume = 4,
  year = 1996
}
@INPROCEEDINGS{Rose95,
author={Rose, R.C. and Juang, B.-H. and Lee, C.H.},
booktitle={IEEE International Conference on Acoustics, Speech and Signal Processing},
title={A training procedure for verifying string hypotheses in continuous speech recognition},
year={1995},
month={May},
volume={1},
pages={281-284 vol.1},
keywords={decision theory;hidden Markov models;maximum likelihood estimation;speech recognition;statistical analysis;HMM;Switchboard conversational speech corpus;alternate hypothesis models;continuous speech recognition;continuous speech recognizer;discriminative training procedure;experimental results;hidden Markov model;hypothesis;hypothesis test;likelihood ratio scoring procedures;string hypotheses verification;system performance;twenty word vocabulary detection;utterance verification;word verification;Context modeling;Decoding;Hidden Markov models;Light rail systems;Speech recognition;Statistics;System performance;Telecommunications;Testing;Vocabulary},
doi={10.1109/ICASSP.1995.479528},
ISSN={1520-6149},}
@inproceedings{RahimLJ95,
  added-at = {2011-03-29T00:00:00.000+0200},
  author = {Rahim, Mazin G. and Lee, Chin-Hui and Juang, Biing-Hwang},
  biburl = {http://www.bibsonomy.org/bibtex/25e4624d09380d7bfc0615dfeefc35b5b/dblp},
  booktitle = {EuroSpeech},
  crossref = {conf/interspeech/1995},
  ee = {http://www.isca-speech.org/archive/eurospeech_1995/e95_0529.html},
  interhash = {d913ff925e0f5d8debc2938206061802},
  intrahash = {5e4624d09380d7bfc0615dfeefc35b5b},
  keywords = {dblp},
  publisher = {ISCA},
  timestamp = {2011-03-29T00:00:00.000+0200},
  title = {Discriminative utterance verification for connected digits recognition.},
  year = 1995
}
@INPROCEEDINGS{Sukkar94,
author={Sukkar, R.A.},
booktitle={IEEE International Conference on Acoustics, Speech and Signal Processing},
title={Rejection for connected digit recognition based on GPD segmental discrimination},
year={1994},
month={Apr},
volume={i},
pages={I/393-I/396 vol.1},
keywords={hidden Markov models;probability;speech recognition;GPD segmental discrimination;HMM-based recognizer;connected digit recognition;connected digit recognizer;connected digit strings;databases;digit/non-digit classification stage;experimental results;generalised probabilistic descent;post-processor;putative errors rejection;recognition accuracy;rejection method;rejection rate;string verification stage;Cepstral analysis;Credit cards;Databases;Hidden Markov models;Linear predictive coding;Monitoring;Robustness;Speech recognition;Telephony;Testing},
doi={10.1109/ICASSP.1994.389273},
ISSN={1520-6149},}
@INPROCEEDINGS{Gillick97,
author={Gillick, L. and Ito, Y. and Young, J.},
booktitle={Acoustics, Speech, and Signal Processing, 1997. ICASSP-97., 1997 IEEE International Conference on},
title={A probabilistic approach to confidence estimation and evaluation},
year={1997},
month={Apr},
volume={2},
pages={879-882 vol.2},
keywords={estimation theory;prediction theory;probability;speech recognition;Mandarin CallHome speech;Wall Street Journal speech;confidence estimation;confidence evaluation;generalized linear models;predictor scores;probabilistic approach;quality;recognized word;speech data;speech recognition system;switchboard speech;Automatic speech recognition;Indium tin oxide;Information retrieval;Parameter estimation;Predictive models;Probability;Speech recognition;Statistics},
doi={10.1109/ICASSP.1997.596076},
ISSN={1520-6149},}
@article{SiuG99,
  author = {Siu, Man-Hung and Gish, Herbert},
  date = {2009-07-17},
  journal = {Computer Speech and Language},
  number = 4,
  pages = {299-319},
  timestamp = {2009-07-17T00:00:00.000+0200},
  title = {Evaluation of word confidence for speech recognition systems.},
  volume = 13,
  year = 1999
}
@INPROCEEDINGS{Chigier92,
author={Chigier, B.},
booktitle={Acoustics, Speech, and Signal Processing, 1992. ICASSP-92., 1992 IEEE International Conference on},
title={Rejection and keyword spotting algorithms for a directory assistance city name recognition application},
year={1992},
month={Mar},
volume={2},
pages={93-96 vol.2},
keywords={speech recognition;city name recognition;directory assistance;embedded speech;isolated word speech recognition;keyword spotting algorithms;rejection algorithm;Artificial intelligence;Automation;Cities and towns;Databases;Isolation technology;Lattices;Natural languages;Speech recognition;Target recognition;Vocabulary},
doi={10.1109/ICASSP.1992.226112},
ISSN={1520-6149},}
@inproceedings{Mathan91,
 author = {Mathan, L. and Miclet, L.},
 title = {Rejection of Extraneous Input in Speech Recognition Applications, Using Multi-layer Perceptrons and the Trace of HMMs},
 booktitle = {Proceedings of the Acoustics, Speech, and Signal Processing, 1991. ICASSP-91., 1991 International Conference},
 series = {ICASSP '91},
 year = {1991},
 isbn = {0-7803-0003-3},
 pages = {93--96},
 numpages = {4},
 acmid = {1170997},
 publisher = {IEEE Computer Society},
 address = {Washington, DC, USA},
}
@INPROCEEDINGS{Weintraub97,
    author = {M. Weintraub and F. Beaufays and Z. Rivlin and Y. Konig and A. Stolcke},
    title = {Neural-Network Based Measures Of Confidence For Word Recognition},
    booktitle = {Proc. of IEEE International Conference on Acoustics, Speech and Signal Processing},
    year = {1997},
    pages = {887--890}
}
@INPROCEEDINGS{Eide95,
author={Eide, E. and Gish, Herbert and Jeanrenaud, P. and Mielke, A.},
booktitle={Acoustics, Speech, and Signal Processing, 1995. ICASSP-95., 1995 International Conference on},
title={Understanding and improving speech recognition performance through the use of diagnostic tools},
year={1995},
month={May},
volume={1},
pages={221-224 vol.1},
keywords={error analysis;feedback;speech recognition;trees (mathematics);Wall Street Journal;binary classification trees;conversational speech language;diagnostic tools;diagnostic trees;error sources;feedback;performance diagnosis;recognition confidence;recognition errors;speech recognition experiment;speech recognition performance;text;word error rate;Acoustic testing;Classification tree analysis;Databases;Decoding;Error analysis;Feedback;Length measurement;Microphones;Natural languages;Read only memory;Speech recognition;Switches},
doi={10.1109/ICASSP.1995.479404},
ISSN={1520-6149},}
@INPROCEEDINGS{Neti97,
author={Neti, C.V. and Roukos, S. and Eide, E.},
booktitle={Acoustics, Speech, and Signal Processing, 1997. ICASSP-97., 1997 IEEE International Conference on},
title={Word-based confidence measures as a guide for stack search in speech recognition},
year={1997},
month={Apr},
volume={2},
pages={883-886 vol.2},
keywords={maximum likelihood estimation;search problems;speech recognition;ATIS task;SwitchBoard task;continuous speech recognition;hypothesis score;hypothesized words;maximum a posteriori hypothesis;prediction;sequence;speech recognition;stack search;word error;word-based confidence measures;Current measurement;Decision trees;Decoding;Entropy;Speech recognition},
doi={10.1109/ICASSP.1997.596077},
ISSN={1520-6149},}
@inproceedings{MorenoLR01,
  added-at = {2011-03-09T00:00:00.000+0100},
  author = {Moreno, Pedro J. and Logan, Beth and Raj, Bhiksha},
  biburl = {http://www.bibsonomy.org/bibtex/2c62ac6355aa8c392772f613633297ef7/dblp},
  booktitle = {INTERSPEECH},
  crossref = {conf/interspeech/2001},
  editor = {Dalsgaard, Paul and Lindberg, Børge and Benner, Henrik and Tan, Zheng-Hua},
  ee = {http://www.isca-speech.org/archive/eurospeech_2001/e01_2109.html},
  interhash = {e882ab31e866db229c27442d1f1dcd47},
  intrahash = {c62ac6355aa8c392772f613633297ef7},
  keywords = {dblp},
  pages = {2109-2112},
  publisher = {ISCA},
  timestamp = {2011-03-09T00:00:00.000+0100},
  title = {A boosting approach for confidence scoring.},
  year = 2001
}


@INPROCEEDINGS{Blatz04confidenceestimation,
    author = {J. Blatz and E. Fitzgerald and G. Foster and S. Gandrabur and C. Goutte and A. Kulesza and A. Sanchis and N. Ueffing},
    title = {Confidence Estimation for Machine Translation},
    booktitle = {M. Rollins (ED.), Mental Imagery},
    year = {2004},
    publisher = {Yale University Press}
}

@INPROCEEDINGS{Rose_UV_1995,
author={Rose, R.C. and Juang, B.-H. and Lee, C.H.},
booktitle={Proc. of IEEE International Conference on Acoustics, Speech and Signal Processing},
title={A training procedure for verifying string hypotheses in continuous speech recognition},
year={1995},
month={May},
volume={1},
pages={281-284},
keywords={decision theory;hidden Markov models;maximum likelihood estimation;speech recognition;statistical analysis;HMM;Switchboard conversational speech corpus;alternate hypothesis models;continuous speech recognition;continuous speech recognizer;discriminative training procedure;experimental results;hidden Markov model;hypothesis;hypothesis test;likelihood ratio scoring procedures;string hypotheses verification;system performance;twenty word vocabulary detection;utterance verification;word verification;Context modeling;Decoding;Hidden Markov models;Light rail systems;Speech recognition;Statistics;System performance;Telecommunications;Testing;Vocabulary},
doi={10.1109/ICASSP.1995.479528},
ISSN={1520-6149},}

@INPROCEEDINGS{Mathan_Rejection_1991,
author={Mathan, L. and Miclet, Laurent},
booktitle={Proc. of IEEE International Conference on Acoustics, Speech and Signal Processing},
title={Rejection of extraneous input in speech recognition applications, using multi-layer perceptrons and the trace of HMMs},
year={1991},
month={Apr},
pages={93-96 vol.1},
keywords={Markov processes;natural languages;neural nets;speech recognition;extraneous input rejection;field data;hidden Markov model trace;isolated-word recognition;multi-layer perceptrons;neural networks;permitted vocabulary;speech recognition;winning model trace;Databases;Detectors;Hidden Markov models;Multilayer perceptrons;Neural networks;Oral communication;Speech recognition;Telephony;Viterbi algorithm;Vocabulary},
doi={10.1109/ICASSP.1991.150286},
ISSN={1520-6149},}


@INPROCEEDINGS{Chase_wordand,
    author = {L. Chase},
    title = {Word And Acoustic Confidence Annotation For Large Vocabulary Speech Recognition},
    booktitle = {in Proc. European Conference on Speech Communication Technology},
    year = {},
    pages = {815--818}
}

@INPROCEEDINGS{Kemp97estimatingconfidence,
    author = {T. Kemp and T. Schaaf},
    title = {Estimating Confidence Using Word Lattices},
    booktitle = {Proc. of EuroSpeech},
    year = {1997},
    pages = {827--830}
}


@ARTICLE{Sukkar_UV_1996,
author={Sukkar, R.A. and Chin-Hui Lee},
journal={Speech and Audio Processing, IEEE Transactions on},
title={Vocabulary independent discriminative utterance verification for nonkeyword rejection in subword based speech recognition},
year={1996},
month={Nov},
volume={4},
number={6},
pages={420-429},
keywords={hidden Markov models;speech processing;speech recognition;HMM;baseline method;discriminative utterance verification;experimental results;input speech;keyword recognition;nonkeyword rejection;recognizer vocabulary set;speech recognition system;statistical hypothesis test;string level verification;string-level log likelihood ratio;subword based speech recognition;subword level verification;subword-level verification scores;verification function;vocabulary independent utterance verification;Application software;Automatic speech recognition;Consumer products;Context-aware services;Laboratories;Navigation;Speech recognition;Telecommunication computing;Testing;Vocabulary},
doi={10.1109/89.544527},
ISSN={1063-6676},}


@ARTICLE{HEQ_speech, 
author={De la Torre, A. and Peinado, A.M. and Segura, J.C. and Perez-Cordoba, J.L. and Benitez, M.C. and Rubio, A.J.}, 
journal={Speech and Audio Processing, IEEE Transactions on}, 
title={Histogram equalization of speech representation for robust speech recognition}, 
year={2005}, 
month={May}, 
volume={13}, 
number={3}, 
pages={355-366}, 
keywords={equalisers;nonlinear distortion;speech recognition;digital image processing;feature vector;histogram equalization;nonlinear distortion;speech recognition;speech representation;Acoustic distortion;Acoustic noise;Additive noise;Degradation;Histograms;Noise robustness;Nonlinear distortion;Speech enhancement;Speech recognition;Taylor series;Cepstral mean normalization;Mel frequency cepstral coefficients;histogram equalization;mean and variance normalization;probability density function (pdf);robust speech recognition;vector Taylor series approach}, 
doi={10.1109/TSA.2005.845805}, 
ISSN={1063-6676},}


@INPROCEEDINGS{Nuance_Arbitration,
author={Georges, M. and Kanthak, S. and Klakow, D. },
booktitle={Proc. of IEEE International Conference on Acoustics, Speech and Signal Processing},
title={Accurate client-server based speech recognition keeping personal data on the client},
year={2014},
month={May},
pages={3271-3275},
keywords={client-server systems;speech recognition;Wall Street Journal Corpus;book entry;calendar entry;client-server based speech recognition;content dependent acoustic filler;dynamic language model;medical patient data;smart phone;user dependent knowledge;word error rate reduction;Acoustics;Computational modeling;Grammar;Servers;Speech;Speech recognition;Transducers;Acoustic Filler;Client-Server Speech Recognition;Data Privacy;Dynamic Language Model},
doi={10.1109/ICASSP.2014.6854205},}




